1111111111111111111111111111111111111111111111111111111111111111111111111111    Write an AngularJS script to display list of games stored in an array on click of button using ng-click. And also  Demonstrate ng-init, ng-bing directive of AngularJS. 

<html>
    <script src="http://ajax.googleapis.com/ajax/libs/angularjs/1.2.15/angular.min.js"></script>

    <head>
        <title>Slip 1</title>
    </head>

    <body>
        <div ng-app="" ng-init="games=['Cricket','football','tennis','kabaddi']; i=0">

            <b><h1>Game name : <span ng-bind="games[i]"></span></h1></b>
            <button ng-click="i=i+1"> Click Me!! </button>

        </div>
    </body>
</html>


222222222222222222222222222222222222222222222222222222222222222
  Write a HTML code using AngularJS to generate the following output
	Undergraduate Courses (hint : use ng-repeat, ng-init directive)
        i. BBA(CA)
        ii. BCA(Science)
        iii. B.Sc.(Computer Science)
  
<html>
    <script src="https://ajax.googleapis.com/ajax/libs/angularjs/1.8.0/angular.min.js"></script>
    
    <head>
        <title>Slip 2</title>
    </head>
    
    <body>
        <div ng-app="" ng-init="UG=['BBA(CA)', 'BCA(Science)', 'B.Sc(Computter Science)']; PG=['M.Sc.(Computer Science)', 'M.SC.(CA)', 'MCA']">
            
            <b><p><i>Undergraduate Courses: </i></p></b>
            <ol type="i">
                <li ng-repeat="x in UG">
                    {{x}}
                </li>
            </ol>
            
            <b><p><i>Postgraduate Courses: </i></p></b>
            <ol type="i">
                <li ng-repeat="x in PG">
                    {{x}}
                </li>
            </ol>
        </div>
    </body>
</html>

333333333333333333333333333333333333333333333333333
    Using AngularJS display the 10 student details in Table format (using ng-repeat directive use Array to store data)


<html>
    <script src="http://ajax.googleapis.com/ajax/libs/angularjs/1.2.15/angular.min.js"></script>

    <head>
        <title>Slip 3</title>
    </head>

    <body>

        <div style="text-align:center;" ng-app="" ng-init="details=[
                                {rno:01, name:'Tom', SGPA:'8.2'},
                                {rno:02, name:'Jerry', SGPA:'8.0'},
                                {rno:03, name:'Richie', SGPA:'9.1'},
                                {rno:04, name:'Oggy', SGPA:'9.0'},
                                {rno:05, name:'Noddy', SGPA:'9.8'}]">

            <h1>Student Details</h1>

            <table border=3 height="50%" width="50%" align="center">
                <tr>
                    <th>Roll no</th>
                    <th>Student Name</th>
                    <th>SGPA</th>
                </tr>
                <tr ng-repeat="x in details">
                    <td>{{x.rno}}</td>
                    <td>{{x.name}}</td>
                    <td>{{x.SGPA}}</td>
                </tr>
            </table>

        </div>
    </body>
</html>

4444444444444444444444444444444444444444444444444444444444444
    Write an AngularJS script to print details of bank (bank name, MICR code, IFC code, address etc.) in tabular form using ng-repeat
<html>
    <head>
        <script src="https://ajax.googleapis.com/ajax/libs/angularjs/1.8.0/angular.min.js"></script>

        <title>Slip 4</title>
    </head>
    <body>
        <div ng-app="" ng-init="details = [
            {bname:'HDFC', MICR:'457625158', IFSC:'HDFC5641237', Address:'Indira Nagar'},
            {bname:'ICICI', MICR:'4857125682', IFSC:'ICICI4215400', Address:'College Road'},
            {bname:'PNB', MICR:'457120395', IFSC:'PNB1258556', Address:'Pathardi Phata'},
            {bname:'MGB', MICR:'459001235', IFSC:'MGB0012459', Address:'Nashik Road'}]">

            <h1 align="center"><b>Bank Details</b></h1>

            <table border="2" height=450px, width=50% align="center">
                <tr><th>Bank Name</th><th>MICR Code</th><th>IFSC Code</th><th>Address</th></tr>

                <tr ng-repeat="i in details">
                    <td>{{i.bname}}</td>
                    <td>{{i.MICR}}</td>
                    <td>{{i.IFSC}}</td>
                    <td>{{i.Address}}</td>
                </tr>
            </table>
        </div>
    </body>
</html>
555555555555555555555555555555555555555555555

